@book{paoo-gof,
	title        = {Design Patterns: Elementi per il Riuso di Software ad Oggetti},
	author       = {Erich Gamma and Ralph Johnson and Richard Helm and John Vlissides},
	year         = 2002,
	month        = 1,
	publisher    = {Pearson}
}
@book{Fowler03,
	title        = {UML Distilled: A Brief Guide to the Standard Object Modeling Language},
	author       = {Fowler, Martin},
	year         = 2003,
	publisher    = {Addison-Wesley Longman Publishing Co., Inc.},
	address      = {Boston, MA, USA},
	isbn         = {0321193687},
	edition      = 3
}
@article{Mizzaro03,
	title        = {{Quality control in scholarly publishing: A new proposal}},
	author       = {Mizzaro, Stefano},
	year         = 2003,
	journal      = {Journal of the American Society for Information Science and Technology},
	volume       = 54,
	number       = 11,
	pages        = {989--1005},
	doi          = {10.1002/asi.10296},
	url          = {https://onlinelibrary.wiley.com/doi/abs/10.1002/asi.10296}
}
@article{Alfaro16,
	title        = {TrueReview: A Platform for Post-Publication Peer Review},
	author       = {De Alfaro, Luca and Faella, Marco},
	year         = 2016,
	journal      = {CoRR},
	volume       = {abs/1608.07878},
	url          = {http://arxiv.org/abs/1608.07878},
	archiveprefix = {arXiv},
	eprint       = {1608.07878},
	timestamp    = {Mon, 13 Aug 2018 16:46:31 +0200},
	biburl       = {https://dblp.org/rec/bib/journals/corr/AlfaroF16},
	bibsource    = {dblp computer science bibliography, https://dblp.org}
}
@misc{RS-PDF,
	title        = {{Readersourcing 2.0: RS\_PDF}},
	author       = {Soprano, Michael and Mizzaro, Stefano},
	doi          = {10.5281/zenodo.1442598},
	url          = {https://doi.org/10.5281/zenodo.1442597}
}
@misc{RS-Server,
	title        = {{Readersourcing 2.0: RS\_Server}},
	author       = {Soprano, Michael and Mizzaro, Stefano},
	doi          = {10.5281/zenodo.1442630},
	url          = {https://doi.org/10.5281/zenodo.1442630}
}
@misc{RS-Rate,
	title        = {{Readersourcing 2.0: RS\_Rate}},
	author       = {Soprano, Michael and Mizzaro, Stefano},
	doi          = {10.5281/zenodo.1442599},
	url          = {https://doi.org/10.5281/zenodo.1442599}
}
@misc{RS-Py,
	title        = {{Readersourcing 2.0: RS\_Py}},
	author       = {Soprano, Michael and Mizzaro, Stefano},
	doi          = {10.5281/zenodo.3245208},
	url          = {https://doi.org/10.5281/zenodo.3245208}
}
@article{Soprano2019,
	title        = {Crowdsourcing Peer Review: As We May Do},
	author       = {Soprano, M. and Mizzaro, S.},
	year         = 2019,
	journal      = {Communications in Computer and Information Science},
	volume       = 988,
	pages        = {259--273}
}
